<collection xmlns="http://www.loc.gov/MARC21/slim">
<record>
  <leader>01181nam0a2200265 i 450 </leader>
  <controlfield tag="001">IT\ICCU\CNCE\076501</controlfield>
  <controlfield tag="005">20171123000000.0</controlfield>
  <datafield tag="012" ind1=" " ind2=" ">
    <subfield code="a">ussq umn: ell- n-e- (C) 1544 (R)</subfield>
    <subfield code="2">fei</subfield>
  </datafield>
  <datafield tag="100" ind1=" " ind2=" ">
    <subfield code="a">20110921d1544        0itac0103    ba</subfield>
  </datafield>
  <datafield tag="101" ind1=" " ind2=" ">
    <subfield code="a">LAT</subfield>
  </datafield>
  <datafield tag="102" ind1=" " ind2=" ">
    <subfield code="a">IT</subfield>
  </datafield>
  <datafield tag="200" ind1="1" ind2=" ">
    <subfield code="a">De deprauata hominum natura et miraculo quod V Cal. Iul. in Salernitana ora visum est declamatio</subfield>
  </datafield>
  <datafield tag="210" ind1=" " ind2=" ">
    <subfield code="e">Impressum Salerni</subfield>
    <subfield code="g">per Franciscum de Fabris de Curinaldo de Marca</subfield>
    <subfield code="h">a di XXV di augusto 1544</subfield>
  </datafield>
  <datafield tag="215" ind1=" " ind2=" ">
    <subfield code="a">\4! c.</subfield>
    <subfield code="d">4ʻ</subfield>
  </datafield>
  <datafield tag="300" ind1=" " ind2=" ">
    <subfield code="a">Il nome dell&apos;autore si ricava dal verso del frontespizio</subfield>
  </datafield>
  <datafield tag="620" ind1=" " ind2=" ">
    <subfield code="a">IT</subfield>
    <subfield code="d">Salerno</subfield>
  </datafield>
  <datafield tag="700" ind1=" " ind2="1">
    <subfield code="a">Longus,</subfield>
    <subfield code="b">Andreas</subfield>
    <subfield code="3">IT\ICCU\CNCA\029521</subfield>
  </datafield>
  <datafield tag="712" ind1="0" ind2="0">
    <subfield code="a">Fabri, Francesco</subfield>
    <subfield code="3">IT\ICCU\CNCT\001823</subfield>
    <subfield code="4">650</subfield>
  </datafield>
  <datafield tag="791" ind1="0" ind2="0">
    <subfield code="a">De_Fabris, Francesco</subfield>
    <subfield code="3">IT\ICCU\CNCT\003530</subfield>
    <subfield code="z">Fabri, Francesco</subfield>
  </datafield>
  <datafield tag="791" ind1="0" ind2="0">
    <subfield code="a">Corinaltensis, Franciscus</subfield>
    <subfield code="3">IT\ICCU\CNCT\003786</subfield>
    <subfield code="z">Fabri, Francesco</subfield>
  </datafield>
  <datafield tag="791" ind1="0" ind2="0">
    <subfield code="a">Fabrus, Franciscus</subfield>
    <subfield code="3">IT\ICCU\CNCT\004735</subfield>
    <subfield code="z">Fabri, Francesco</subfield>
  </datafield>
  <datafield tag="791" ind1="0" ind2="0">
    <subfield code="a">Fabris, Franciscus de</subfield>
    <subfield code="3">IT\ICCU\CNCT\004737</subfield>
    <subfield code="z">Fabri, Francesco</subfield>
  </datafield>
  <datafield tag="791" ind1="0" ind2="0">
    <subfield code="a">Fabro, Francesco</subfield>
    <subfield code="3">IT\ICCU\CNCT\004740</subfield>
    <subfield code="z">Fabri, Francesco</subfield>
  </datafield>
  <datafield tag="801" ind1=" " ind2="3">
    <subfield code="a">IT</subfield>
    <subfield code="b">ICCU</subfield>
    <subfield code="c">20201115</subfield>
  </datafield>
  <datafield tag="899" ind1=" " ind2=" ">
    <subfield code="a">Biblioteca nazionale Marciana. Venezia</subfield>
    <subfield code="1">VE0049</subfield>
    <subfield code="2">VEA BM</subfield>
  </datafield>
</record>
</collection>
